<record><leader>00000cas a22000007a 4500</leader><controlfield tag="001">1752337</controlfield><controlfield tag="008">751101d19681978mnuwr ne      0    0eng d</controlfield><datafield ind1=" " ind2=" " tag="010"><subfield code="a">sn 91059054 </subfield></datafield><datafield ind1=" " ind2=" " tag="040"><subfield code="a">MUL</subfield><subfield code="b">eng</subfield><subfield code="c">MUL</subfield><subfield code="d">OCL</subfield><subfield code="d">MN#</subfield><subfield code="d">OCLCQ</subfield><subfield code="d">OCLCF</subfield><subfield code="d">OCLCO</subfield></datafield><datafield ind1="1" ind2=" " tag="029"><subfield code="a">AU@</subfield><subfield code="b">000025885678</subfield></datafield><datafield ind1=" " ind2=" " tag="042"><subfield code="a">msc</subfield></datafield><datafield ind1=" " ind2=" " tag="043"><subfield code="a">n-us-mn</subfield></datafield><datafield ind1=" " ind2=" " tag="052"><subfield code="a">4144</subfield><subfield code="b">H82</subfield></datafield><datafield ind1=" " ind2=" " tag="052"><subfield code="a">4143</subfield><subfield code="b">H6</subfield></datafield><datafield ind1="0" ind2=" " tag="130"><subfield code="a">Houston County news (Houston, Minn.)</subfield></datafield><datafield ind1="0" ind2="0" tag="245"><subfield code="a">Houston County news.</subfield></datafield><datafield ind1=" " ind2=" " tag="250"><subfield code="a">Houston ed.</subfield></datafield><datafield ind1=" " ind2=" " tag="260"><subfield code="a">Houston, Minn. :</subfield><subfield code="b">John W. Dunham,</subfield><subfield code="c">1968-1978.</subfield></datafield><datafield ind1=" " ind2=" " tag="300"><subfield code="a">10 v.</subfield></datafield><datafield ind1=" " ind2=" " tag="310"><subfield code="a">Weekly</subfield></datafield><datafield ind1="0" ind2=" " tag="362"><subfield code="a">Vol. 87, no. 26 (Oct. 17, 1968)-v. 105, no. 24 (June 11, 1987).</subfield></datafield><datafield ind1=" " ind2=" " tag="500"><subfield code="a">Houston ed. also called: Houston "signal" ed., June 6, 1974-Oct. 12, 1978 ; Houston Valley signal ed., Oct. 19, 1978-June 11, 1987.</subfield></datafield><datafield ind1=" " ind2=" " tag="530"><subfield code="a">Available on microfilm from the Minnesota Historical Society.</subfield></datafield><datafield ind1=" " ind2=" " tag="580"><subfield code="a">Issued with: The Houstonian, Oct. 17, 1968-June 18, 1970.</subfield></datafield><datafield ind1=" " ind2="0" tag="651"><subfield code="a">Houston (Minn.)</subfield><subfield code="v">Newspapers.</subfield></datafield><datafield ind1=" " ind2="7" tag="655"><subfield code="a">Newspapers.</subfield><subfield code="2">fast</subfield><subfield code="0">(OCoLC)fst01423814</subfield></datafield><datafield ind1=" " ind2="7" tag="651"><subfield code="a">Minnesota</subfield><subfield code="z">Houston.</subfield><subfield code="2">fast</subfield><subfield code="0">(OCoLC)fst01260701</subfield></datafield><datafield ind1=" " ind2=" " tag="752"><subfield code="a">United States</subfield><subfield code="b">Minnesota</subfield><subfield code="c">Houston</subfield><subfield code="d">Houston.</subfield></datafield><datafield ind1="0" ind2=" " tag="775"><subfield code="t">Houston County news (La Crescent, Minn.)</subfield><subfield code="w">(DLC)sn 91059058</subfield></datafield><datafield ind1="1" ind2=" " tag="777"><subfield code="t">Houstonian (Houston, Minn.)</subfield><subfield code="w">(DLC)sn 91059068</subfield></datafield><datafield ind1="0" ind2="1" tag="780"><subfield code="t">Houston signal</subfield><subfield code="w">(DLC)sn 91059053</subfield></datafield><datafield ind1="0" ind2="7" tag="785"><subfield code="t">Houston County news (La Crescent, Minn.)</subfield><subfield code="w">(DLC)sn 91059058</subfield></datafield><datafield ind1="0" ind2="7" tag="785"><subfield code="t">Houston County news in combination with the Houston signal</subfield><subfield code="w">(DLC)sn 91059059</subfield></datafield></record>